@BOOK{DUMMY:1,
AUTHOR="John Doe",
TITLE="The Book without Title",
PUBLISHER="Dummy Publisher",
YEAR="2100",
}

@ARTICLE{tom_in_animals,
author = "Josep Call and Michael Tomasello",
title = "Does the chimpanzee have a theory of mind? 30 years later",
journal = "Trends in Cognitive Sciences",
year = "2008",
volume = "12",
number = "5",
pages = "187-192",
}

@Inbook{theory_of_mind,
author="Franchin, Laura",
editor="Gl{\u{a}}veanu, Vlad Petre",
title="Theory of Mind",
bookTitle="The Palgrave Encyclopedia of the Possible",
year="2022",
publisher="Springer International Publishing",
address="Cham",
pages="1639-1644",
isbn="978-3-030-90913-0",
}

@book{tom_children_2014,
  title={Children's theories of mind: Mental states and social understanding},
  author={Frye, Douglas and Moore, Chris},
  year={2014},
  publisher={Psychology Press},
  page={128},
}

@article{tom_children_2001,
author = {Wellman, Henry M. and Cross, David and Watson, Julanne},
title = {Meta-Analysis of Theory-of-Mind Development: The Truth about False Belief},
journal = {Child Development},
volume = {72},
number = {3},
pages = {655-684},
doi = {https://doi.org/10.1111/1467-8624.00304},
url = {https://srcd.onlinelibrary.wiley.com/doi/abs/10.1111/1467-8624.00304},
eprint = {https://srcd.onlinelibrary.wiley.com/doi/pdf/10.1111/1467-8624.00304},
year = {2001}
}

@article{fb_test_places_1,
title = {Beliefs about beliefs: Representation and constraining function of wrong beliefs in young children's understanding of deception},
journal = {Cognition},
volume = {13},
number = {1},
pages = {103-128},
year = {1983},
issn = {0010-0277},
doi = {https://doi.org/10.1016/0010-0277(83)90004-5},
url = {https://www.sciencedirect.com/science/article/pii/0010027783900045},
author = {Heinz Wimmer and Josef Perner},
}

@article{fb_test_places_2,
title = {Does the autistic child have a “theory of mind” ?},
journal = {Cognition},
volume = {21},
number = {1},
pages = {37-46},
year = {1985},
issn = {0010-0277},
doi = {https://doi.org/10.1016/0010-0277(85)90022-8},
url = {https://www.sciencedirect.com/science/article/pii/0010027785900228},
author = {Simon Baron-Cohen and Alan M. Leslie and Uta Frith},
}

@article{fb_test_contents,
author = {Josef Perner and Susan R. Leekam and Heinz Wimmer},
title = {Three-year-olds' difficulty with false belief: The case for a conceptual deficit},
journal = {British Journal of Developmental Psychology},
volume = {5},
number = {2},
pages = {125-137},
doi = {https://doi.org/10.1111/j.2044-835X.1987.tb01048.x},
url = {https://bpspsychub.onlinelibrary.wiley.com/doi/abs/10.1111/j.2044-835X.1987.tb01048.x},
eprint = {https://bpspsychub.onlinelibrary.wiley.com/doi/pdf/10.1111/j.2044-835X.1987.tb01048.x},
year = {1987}
}

